%% This BibTeX bibliography file was created using BibDesk.
%% https://bibdesk.sourceforge.io/

%% Created for John Stegink at 2021-01-24 17:20:03 +0100 


%% Saved with string encoding Unicode (UTF-8) 



@inproceedings{cms-attacks,
	author = {R. {Pai Kasturi} and Y. {Sun} and R. {Duan} and O. {Alrawi} and E. {Asdar} and V. {Zhu} and Y. {Kwon} and B. {Saltaformaggio}},
	booktitle = {2020 IEEE Symposium on Security and Privacy (SP)},
	date-added = {2021-01-24 17:19:43 +0100},
	date-modified = {2021-01-24 17:20:00 +0100},
	doi = {10.1109/SP40000.2020.00116},
	pages = {1156-1171},
	title = {TARDIS: Rolling Back The Clock On CMS-Targeting Cyber Attacks},
	year = {2020},
	Bdsk-Url-1 = {https://doi.org/10.1109/SP40000.2020.00116}}

@article{7458761,
	address = {Los Alamitos, CA, USA},
	author = {C. Ebert and G. Gallardo and J. Hernantes and N. Serrano},
	date-added = {2021-01-02 15:24:36 +0100},
	date-modified = {2021-01-02 15:24:36 +0100},
	doi = {10.1109/MS.2016.68},
	issn = {1937-4194},
	journal = {IEEE Software},
	keywords = {java;monitoring;cloud computing;dsl;automation;production},
	month = {may},
	number = {03},
	pages = {94-100},
	publisher = {IEEE Computer Society},
	title = {DevOps},
	volume = {33},
	year = {2016},
	Bdsk-Url-1 = {https://doi.org/10.1109/MS.2016.68}}

@inproceedings{8712374,
	address = {Los Alamitos, CA, USA},
	author = {C. Paule and T. F. Dullmann and A. Van Hoorn},
	booktitle = {2019 IEEE International Conference on Software Architecture Companion (ICSA-C)},
	date-added = {2020-12-21 16:59:08 +0100},
	date-modified = {2020-12-21 16:59:08 +0100},
	doi = {10.1109/ICSA-C.2019.00026},
	keywords = {pipelines;security;software;tools;companies;industries;servers},
	month = {mar},
	pages = {102-108},
	publisher = {IEEE Computer Society},
	title = {Vulnerabilities in Continuous Delivery Pipelines? A Case Study},
	url = {https://doi.ieeecomputersociety.org/10.1109/ICSA-C.2019.00026},
	year = {2019},
	Bdsk-Url-1 = {https://doi.ieeecomputersociety.org/10.1109/ICSA-C.2019.00026},
	Bdsk-Url-2 = {https://doi.org/10.1109/ICSA-C.2019.00026}}

@phdthesis{tamburri2014supporting,
	author = {Tamburri, Damian A},
	date-added = {2020-12-20 20:04:02 +0100},
	date-modified = {2020-12-20 20:04:02 +0100},
	school = {PhD thesis, Vrije University Amsterdam},
	title = {Supporting Networked Software Development},
	year = {2014}}

@book{phdthesistamburri2014supportingtitleSupportingNetworkedSoftwareDevelopmentauthorTamburriDamianAyear2014schoolPhDthesisVrijeUniversityAmsterdam,
	date-added = {2020-12-20 20:03:51 +0100},
	date-modified = {2020-12-20 20:03:56 +0100}}

@inproceedings{secdevops,
	address = {Los Alamitos, CA, USA},
	author = {V. Mohan and L. Othmane},
	booktitle = {2016 11th International Conference on Availability, Reliability and Security (ARES )},
	date-added = {2020-12-20 19:51:10 +0100},
	date-modified = {2020-12-20 19:51:36 +0100},
	doi = {10.1109/ARES.2016.92},
	keywords = {security;software;organizations;collaboration;automation;industries;best practices},
	month = {sep},
	pages = {542-547},
	publisher = {IEEE Computer Society},
	title = {SecDevOps: Is It a Marketing Buzzword? - Mapping Research on Security in DevOps},
	url = {https://doi.ieeecomputersociety.org/10.1109/ARES.2016.92},
	year = {2016},
	Bdsk-Url-1 = {https://doi.ieeecomputersociety.org/10.1109/ARES.2016.92},
	Bdsk-Url-2 = {https://doi.org/10.1109/ARES.2016.92}}

@misc{vsnu,
	author = {{Vereniging van Universiteiten (VSNU)}},
	howpublished = {\url{http://www.vsnu.nl/files/documenten/Domeinen/Onderzoek/Code_wetenschapsbeoefening_2004_(2014).pdf}},
	keywords = {research integrity},
	lastchecked = {19/04/2017},
	title = {De Nederlandse Gedragscode Wetenschapsbeoefening}}

@misc{latex,
	author = {Tobias Oetiker and Hubert Partl and Irene Hyna and Elisabeth Schlegl},
	howpublished = {\url{https://tobi.oetiker.ch/lshort/lshort.pdf}},
	keywords = {LaTeX, tutorial},
	lastchecked = {19/04/2017},
	title = {The not so short introduction to {LaTeX2e}}}

@misc{para,
	author = {{IEEE Referencing}},
	howpublished = {\url{http://libguides.bhtafe.edu.au/content.php?pid=88814&sid=660920}},
	keywords = {paraphrasing, plagariasm, citation, quotation},
	lastchecked = {19/04/2017},
	title = {{How to Cite\/Quote in Your Assignment}}}

@misc{ieee-write,
	author = {{IEEE Authorship Series}},
	howpublished = {\url{http://ieeeauthorcenter.ieee.org/wp-content/uploads/How-to-Write-for-Technical-Periodicals-and-Conferences.pdf}},
	institution = {{IEEE}},
	keywords = {writing, paragraph, sentences, ethics},
	lastchecked = {18/04/2017},
	title = {How to Write for Technical Periodicals \& Conferences}}

@inproceedings{fuggetta2014software,
	author = {Fuggetta, Alfonso and Di Nitto, Elisabetta},
	booktitle = {Proceedings of the on Future of Software Engineering},
	organization = {ACM},
	pages = {1--12},
	title = {Software Process},
	year = {2014}}
