%% This BibTeX bibliography file was created using BibDesk.
%% https://bibdesk.sourceforge.io/

%% Created for John Stegink at 2020-12-13 13:21:16 +0100 


%% Saved with string encoding Unicode (UTF-8) 



@inproceedings{heitlager2007practical,
	author = {Heitlager, Ilja and Kuipers, Tobias and Visser, Joost},
	booktitle = {6th international conference on the quality of information and communications technology (QUATIC 2007)},
	date-added = {2020-12-13 12:55:21 +0100},
	date-modified = {2020-12-13 12:55:21 +0100},
	organization = {IEEE},
	pages = {30--39},
	title = {A practical model for measuring maintainability},
	year = {2007}}
